<?xml version="1.0" encoding="UTF-8"?>
<collection xmlns:xsi="http://www.w3.org/2001/XMLSchema-instance" xsi:schemaLocation="http://www.loc.gov/MARC21/slim http://www.loc.gov/standards/marcxml/schema/MARC21slim.xsd" xmlns="http://www.loc.gov/MARC21/slim">
<record>
  <leader>00589cam a22001931i 4500</leader>
  <controlfield tag="001">2872162</controlfield>
  <controlfield tag="003">NNC</controlfield>
  <controlfield tag="005">20150119150749.0</controlfield>
  <controlfield tag="008">010211s1946    ua            000 0 ara d</controlfield>
  <datafield tag="035" ind1=" " ind2=" ">
    <subfield code="a">(OCoLC)ocm45890025</subfield>
  </datafield>
  <datafield tag="035" ind1=" " ind2=" ">
    <subfield code="9">ASA6752CU</subfield>
  </datafield>
  <datafield tag="035" ind1=" " ind2=" ">
    <subfield code="a">(NNC)2872162</subfield>
  </datafield>
  <datafield tag="040" ind1=" " ind2=" ">
    <subfield code="a">ZCU</subfield>
    <subfield code="c">ZCU</subfield>
  </datafield>
  <datafield tag="090" ind1=" " ind2=" ">
    <subfield code="a">BP130.4</subfield>
    <subfield code="b">.M372</subfield>
  </datafield>
  <datafield tag="100" ind1="1" ind2=" ">
    <subfield code="a">Marāghī, Aḥmad Muṣṭafá.</subfield>
  </datafield>
  <datafield tag="245" ind1="1" ind2="0">
    <subfield code="a">Tafsīr al-Marāghī /</subfield>
    <subfield code="c">taʾlīf Aḥmad Mustafā al-Marāghī.</subfield>
  </datafield>
  <datafield tag="260" ind1=" " ind2=" ">
    <subfield code="a">Misr :</subfield>
    <subfield code="b">Maktabat wa-Maṭbaʻat Musṭafā al-Bābī al-Ḥalabī,</subfield>
    <subfield code="c">1946.</subfield>
  </datafield>
  <datafield tag="300" ind1=" " ind2=" ">
    <subfield code="a">15 v. in 5 ;</subfield>
    <subfield code="c">24 cm.</subfield>
  </datafield>
  <datafield tag="955" ind1=" " ind2=" ">
    <subfield code="b">0036758574</subfield>
    <subfield code="d">glx</subfield>
    <subfield code="e">BP130.4 .M372</subfield>
    <subfield code="v">v.1-3</subfield>
  </datafield>
</record>
</collection>